% Encoding: UTF-8

@Article{ethereum_wp,
  title   = {Ethereum Whitepaper},
  journal = {https://github.com/ethereum/wiki/wiki/White-Paper},
}

@Article{ethereum_yp,
  author  = {Gavin Wood},
  title   = {Ethereum Yellowpaper},
  journal = {https://github.com/ethereum/yellowpaper},
}

@Comment{jabref-meta: databaseType:bibtex;}
